@book{ross2006,
  title={Enterprise architecture as strategy: Creating a foundation for business execution},
  author={Ross, Jeanne W and Weill, Peter and Robertson, David},
  year={2006},
  publisher={Harvard Business Press}
}

@book{schekkerman2003,
  title={How to survive in the jungle of enterprise architecture frameworks: Creating or choosing an enterprise architecture framework},
  author={Schekkerman, Jaap},
  year={2003},
  publisher={Trafford Publishing}
}

@book{pearlson2009,
  title={Strategic Management of Information Systems},
  author={Pearlson, Keri E and Saunders, Carol S},
  year={2009},
  publisher={John Wiley & Sons}
  edition={4th edition}
}

@book{togaf9.1,
  title={TOGAF Version 9.1},
  author={The Open Group},
  year={},
  edition={}
}

@book{zachman,
  title={},
  author={},
  year={},
  publisher={}
  edition={}
}

@book{bitcoin,
  title={},
  author={},
  year={},
  publisher={}
  edition={}
}

@book{blizzard,
  title={},
  author={},
  year={},
  publisher={}
  edition={}
}

@book{git,
  title={},
  author={},
  year={},
  publisher={}
  edition={}
}

@book{bittorrent,
  title={},
  author={},
  year={},
  publisher={}
  edition={}
}